<?xml version="1.0" encoding="UTF-8"?><collection xmlns="http://www.loc.gov/MARC21/slim"><record><leader>00364nam--2200133-i-4500</leader><controlfield tag="001">000047555</controlfield><controlfield tag="002">20161230</controlfield><controlfield tag="005">20161230201046</controlfield><controlfield tag="008">060222s1000------------r-----000-0-eng-d</controlfield><datafield ind1=" " ind2=" " tag="080"><subfield code="a">681.51</subfield></datafield><datafield ind1=" " ind2=" " tag="100"><subfield code="a">Wooldrige, Dean E</subfield></datafield><datafield ind1=" " ind2=" " tag="245"><subfield code="a">Mechanical man the physical basis of inteligent life</subfield></datafield><datafield ind1=" " ind2=" " tag="260"><subfield code="a">New York, Mcgraw-hill Book Company, 1968, X + 212p</subfield></datafield><datafield ind1=" " ind2=" " tag="852"><subfield code="a">76737</subfield></datafield></record></collection>